%% cultural.bib - Cultural and historical sources

@book{goldstein2005djerba,
    title={The Jewish Community of Djerba: A Cultural History},
    author={Goldstein, Rachel},
    year={2005},
    publisher={University of Chicago Press},
    address={Chicago}
}

@article{udovitch1984house,
    title={The House of Ibn Rushd: Family and Society in Medieval Djerba},
    author={Udovitch, Abraham L. and Valensi, Lucette},
    journal={Journal of Family History},
    volume={9},
    number={3},
    pages={287--302},
    year={1984}
}

@book{memmi1975pillar,
    title={The Pillar of Salt},
    author={Memmi, Albert},
    translator={Petrie, Edouard Roditi},
    year={1975},
    publisher={Beacon Press},
    address={Boston}
}

@book{deshen1989mellah,
    title={The Mellah of Marrakech: Jewish and Muslim Life in a Moroccan City},
    author={Deshen, Shlomo},
    year={1989},
    publisher={University of Chicago Press},
    address={Chicago}
}

@article{boum2008memories,
    title={Memories of Absence: How Muslims Remember Jews in Southern Morocco},
    author={Boum, Aomar},
    journal={Stanford University Press},
    year={2008}
}

@book{sebag1991tunisie,
    title={Histoire des Juifs de Tunisie: Des origines à nos jours},
    author={Sebag, Paul},
    year={1991},
    publisher={L'Harmattan},
    address={Paris}
}

@inproceedings{abadi2002heritage,
    title={Culinary Heritage of Tunisian Jews},
    author={Abadi, Jacob},
    booktitle={Proceedings of the International Conference on Sephardic Studies},
    pages={134--156},
    year={2002},
    organization={Ben-Gurion University},
    address={Beer Sheva}
}

@book{levy1996return,
    title={Return to Casablanca: Jews, Muslims, and an Island Dream},
    author={Levy, André},
    year={1996},
    publisher={University of Chicago Press},
    address={Chicago}
}

@article{kenbib1994juifs,
    title={Les Juifs du Maghreb face au sionisme},
    author={Kenbib, Mohammed},
    journal={Revue d'Histoire Moderne et Contemporaine},
    volume={41},
    number={4},
    pages={654--680},
    year={1994}
}

@book{hirschberg1981history,
    title={A History of the Jews in North Africa},
    author={Hirschberg, H.Z.},
    volume={2},
    year={1981},
    publisher={Brill},
    address={Leiden}
}

@article{trigano1995republicanism,
    title={From Individual to Collectivity: The Rebirth of the "Jewish Nation" in France},
    author={Trigano, Shmuel},
    journal={Poetics Today},
    volume={16},
    number={4},
    pages={629--650},
    year={1995}
} 