%% etymology.bib - Linguistic and etymological sources

@book{corriente2008dictionary,
    title={Dictionary of Arabic and Allied Loanwords: Spanish, Portuguese, Catalan, Galician and Kindred Dialects},
    author={Corriente, Federico},
    year={2008},
    publisher={Brill},
    address={Leiden}
}

@book{lanes1863lexicon,
    title={An Arabic-English Lexicon},
    author={Lane, Edward William},
    year={1863},
    publisher={Williams and Norgate},
    address={London}
}

@article{marçais1977lexique,
    title={Le lexique arabe des plats cuisinés en Afrique du Nord},
    author={Marçais, Philippe},
    journal={Comptes rendus du Groupe Linguistique d'Études Chamito-Sémitiques},
    volume={20},
    pages={229--258},
    year={1977}
}

@book{benabdallah1991alimentation,
    title={L'alimentation traditionnelle en Tunisie},
    author={Ben Abdallah, Hédi},
    year={1991},
    publisher={Centre de Publication Universitaire},
    address={Tunis}
}

@article{benichou2003judeo,
    title={Judeo-Arabic Culinary Terms in North Africa},
    author={Bénichou-Safar, Hélène},
    journal={Mediterranean Language Review},
    volume={15},
    pages={45--72},
    year={2003}
}

@book{stillman1979language,
    title={The Language and Culture of the Jews of Sefrou, Morocco},
    author={Stillman, Norman A.},
    year={1979},
    publisher={Manchester University Press},
    address={Manchester}
}

@inbook{talmoudi1986arabic,
    title={The Arabic Dialect of Sūsa (Tunisia)},
    author={Talmoudi, Fathi},
    chapter={Culinary Terminology},
    pages={156--189},
    year={1986},
    publisher={Akademiska Föreningen},
    address={Göteborg}
}

@article{cohen1975parlers,
    title={Le parler arabe des Juifs de Tunis},
    author={Cohen, David},
    journal={Mouton},
    volume={2},
    year={1975},
    address={The Hague}
}

@book{wehr1994dictionary,
    title={A Dictionary of Modern Written Arabic},
    author={Wehr, Hans},
    editor={Cowan, J. Milton},
    edition={4th},
    year={1994},
    publisher={Spoken Language Services},
    address={Ithaca}
}

@article{baccouche1994lexique,
    title={Le lexique culinaire dans le dialecte tunisien},
    author={Baccouche, Taïeb},
    journal={Revue Tunisienne de Sciences Sociales},
    volume={31},
    number={118},
    pages={87--115},
    year={1994}
} 